@misc{tcp_vs_udp,
    author    = "Jesper Rusbjerg and Nikolai Perlt",
    title     = "TCP \& UDP comparison",
    institution = "CPH Business Academy",
    url = "https://cphbusiness.mrooms.net/mod/resource/view.php?id=288646",
    published = "December 2020", 
    note = "[Accessed 04-01-2021]"
}

@online{guru_tcp_vs_udp,
    title       = "TCP vs UDP: What's the Difference?",
    url         = "https://www.guru99.com/tcp-vs-udp-understanding-the-difference.html",
    note        = "[Accessed 04-01-2021]"
}

@online{gfg_tcp_vs_udp,
    title       = "Error Control in TCP",
    url         = "https://www.geeksforgeeks.org/error-control-in-tcp/",
    published   = "12 Aug, 2019",
    note        = "[Accessed 04-01-2021]"
}

@article{research_gate_tcp_vs_udp,
    author      = "Irfaan Coonjah, Pierre Clarel Catherine and K. M. S. Soyjaudah",
    title       = "Experimental Performance Comparison betweenTCP vs UDP tunnel using OpenVPN",
    institution = "University of Mauritius",
    url         = "https://www.researchgate.net/publication/304287577_Experimental_performance_comparison_between_TCP_vs_UDP_tunnel_using_OpenVPN",
    published   = "December 2015",
    note        = "[Accessed 04-01-2021]"
}