@online{tp_py_slow,
    author = "Dev Kumar",
    title = "Why is Python slower then other languages?",
    url  = "https://www.tutorialspoint.com/why-is-python-slower-than-other-languages#",
    addendum = "(accessed: 10.12.2020)",
    year = "2019",
    month = 1
}


@online{quora_pypy,
    author = "Samuel S. Watson",
    title = "Why shouldn't I use PyPy over CPython if PyPy is 6.3 times faster?",
    url  = "https://www.quora.com/Why-shouldnt-I-use-PyPy-over-CPython-if-PyPy-is-6-3-times-faster",
    addendum = "(accessed: 10.12.2020)",
    year = "2019",
    month = 10
}

@online{info_world_cython,
    author = "Serdar Yegulap",
    title = "What is Cython? Python at the speed of C",
    url  = "https://www.infoworld.com/article/3250299/what-is-cython-python-at-the-speed-of-c.html",
    addendum = "(accessed: 17.12.2020)",
    year = "2020",
    month = 4
}

@online{pypy_org,
    url = "https://www.pypy.org/performance.html",
    addendum = "(accessed: 18.12.2020)"
}

@online{best_sort_alg,
    author = "Abir Bhushan",
    title = "A Guide to Choosing The Best Sorting Algorithm",
    url = "https://abirbhushan.com/blog/2020/02/04/A-Guide-to-Choosing-The-Best-Sorting-Algorithm/",
    addendum = "(accessed: 18.12.2020)",
    year = "2020",
    month = 2
}

@online{rec_python,
    author = "Christopher Tao",
    title = "Donâ€™t Use Recursion In Python Any More",
    url = "https://towardsdatascience.com/dont-use-recursion-in-python-any-more-918aad95094c",
    addendum = "(accessed: 18.12.2020)",
    year = "2020",
    month = 11
}

