@online{tp_py_slow,
    author = "Dev Kumar",
    title = "Why is Python slower then other languages?",
    url  = "https://www.tutorialspoint.com/why-is-python-slower-than-other-languages#",
    addendum = "(accessed: 10.12.2020)",
    published = "04.01.2019"
}

@online{stack_py_slow,
    url  = "https://stackoverflow.com/questions/30486513/why-is-my-quicksort-so-slow-in-python",
    addendum = "(accessed: 10.12.2020)",
    published = "27.05.2015"
}

@online{quora_pypy,
    author = "Samuel S. Watson",
    title = "Why shouldn't I use PyPy over CPython if PyPy is 6.3 times faster?",
    url  = "https://www.quora.com/Why-shouldnt-I-use-PyPy-over-CPython-if-PyPy-is-6-3-times-faster",
    addendum = "(accessed: 10.12.2020)",
    published = "10.05.2019"
}

